<record><leader>00000cas a22000007a 4500</leader><controlfield tag="001">13430381</controlfield><controlfield tag="008">860414d18111834pauwr ne      0    0eng d</controlfield><datafield ind1=" " ind2=" " tag="010"><subfield code="a">sn 86081296 </subfield></datafield><datafield ind1=" " ind2=" " tag="040"><subfield code="a">NPH</subfield><subfield code="b">eng</subfield><subfield code="c">NPH</subfield><subfield code="d">NPX</subfield><subfield code="d">NPH</subfield><subfield code="d">DLC</subfield><subfield code="d">CNW</subfield><subfield code="d">CNK</subfield><subfield code="d">OCL</subfield><subfield code="d">OCLCQ</subfield><subfield code="d">OCLCO</subfield><subfield code="d">OCLCF</subfield></datafield><datafield ind1="1" ind2=" " tag="029"><subfield code="a">AU@</subfield><subfield code="b">000020128340</subfield></datafield><datafield ind1=" " ind2=" " tag="042"><subfield code="a">msc</subfield></datafield><datafield ind1=" " ind2=" " tag="043"><subfield code="a">n-us-pa</subfield></datafield><datafield ind1="0" ind2="0" tag="050"><subfield code="a">Newspaper 9375-X</subfield></datafield><datafield ind1="0" ind2=" " tag="130"><subfield code="a">Juniata gazette (Lewistown, Pa.)</subfield></datafield><datafield ind1="1" ind2="0" tag="245"><subfield code="a">Juniata gazette.</subfield></datafield><datafield ind1=" " ind2=" " tag="260"><subfield code="a">Lewistown, Pa. :</subfield><subfield code="b">Dickson &amp; Elliott</subfield></datafield><datafield ind1=" " ind2=" " tag="300"><subfield code="a">volumes ;</subfield><subfield code="c">46-52 cm</subfield></datafield><datafield ind1=" " ind2=" " tag="310"><subfield code="a">Weekly</subfield></datafield><datafield ind1=" " ind2=" " tag="336"><subfield code="a">text</subfield><subfield code="b">txt</subfield><subfield code="2">rdacontent</subfield></datafield><datafield ind1=" " ind2=" " tag="337"><subfield code="a">unmediated</subfield><subfield code="b">n</subfield><subfield code="2">rdamedia</subfield></datafield><datafield ind1=" " ind2=" " tag="338"><subfield code="a">volume</subfield><subfield code="b">nc</subfield><subfield code="2">rdacarrier</subfield></datafield><datafield ind1="1" ind2=" " tag="362"><subfield code="a">Began in 1811.</subfield><subfield code="z">Cf. Rossell, G.E. Pa. newspapers.</subfield></datafield><datafield ind1="1" ind2=" " tag="362"><subfield code="a">Ceased in Dec. 1834?</subfield></datafield><datafield ind1=" " ind2=" " tag="500"><subfield code="a">Publishers: Dickson &amp; Elliott, &lt;1814-1815&gt;; James Dickson, &lt;1817&gt;; William Mitchell, &lt;1819-1820&gt;; James Dickson, &lt;1825&gt;-1830; George W. Patton, 1830-1833; William Ross, &lt;1833&gt;; William P. Elliott, &lt;1834&gt;.</subfield></datafield><datafield ind1=" " ind2=" " tag="500"><subfield code="a">"Anti-Masonic," &lt;1830&gt;-1834.</subfield></datafield><datafield ind1="4" ind2=" " tag="510"><subfield code="a">Shaw &amp; Shoemaker</subfield><subfield code="c">23137</subfield></datafield><datafield ind1="4" ind2=" " tag="510"><subfield code="a">Brigham, C.S. Amer. newspapers,</subfield><subfield code="c">p. 877</subfield></datafield><datafield ind1=" " ind2=" " tag="515"><subfield code="a">In 1817 and 1830 publisher started a new numbering.</subfield></datafield><datafield ind1=" " ind2=" " tag="588"><subfield code="a">Description based on: Vol. 3, no. 21 (Apr. 29, 1814).</subfield></datafield><datafield ind1=" " ind2="0" tag="651"><subfield code="a">Lewistown (Mifflin County, Pa.)</subfield><subfield code="v">Newspapers.</subfield></datafield><datafield ind1=" " ind2="7" tag="655"><subfield code="a">Newspapers.</subfield><subfield code="2">fast</subfield><subfield code="0">(OCoLC)fst01423814</subfield></datafield><datafield ind1=" " ind2="7" tag="651"><subfield code="a">Pennsylvania</subfield><subfield code="z">Lewistown (Mifflin County)</subfield><subfield code="2">fast</subfield><subfield code="0">(OCoLC)fst01775214</subfield></datafield><datafield ind1="1" ind2=" " tag="700"><subfield code="a">Dickson, James.</subfield></datafield><datafield ind1="1" ind2=" " tag="700"><subfield code="a">Elliott, William P.,</subfield><subfield code="d">1793-</subfield></datafield><datafield ind1="1" ind2=" " tag="700"><subfield code="a">Mitchell, William.</subfield></datafield><datafield ind1=" " ind2=" " tag="752"><subfield code="a">United States</subfield><subfield code="b">Pennsylvania</subfield><subfield code="c">Mifflin</subfield><subfield code="d">Lewistown.</subfield></datafield><datafield ind1="0" ind2="0" tag="785"><subfield code="t">Lewistown gazette, and Mifflin &amp; Juniata advertiser</subfield><subfield code="w">(DLC)sn 86081295</subfield></datafield></record>